@inproceedings{yao1982protocols,
  title={Protocols for secure computations},
  author={Yao, Andrew Chi-Chih},
  booktitle={FOCS},
  volume={82},
  pages={160--164},
  year={1982}
}

@inproceedings{yao1986generate,
  title={How to generate and exchange secrets},
  author={Yao, Andrew Chi-Chih},
  booktitle={Foundations of Computer Science, 1986., 27th Annual Symposium on},
  pages={162--167},
  year={1986},
  organization={IEEE}
}

@phdthesis{gentry2009fully,
  title={A fully homomorphic encryption scheme},
  author={Gentry, Craig},
  year={2009},
  school={Stanford University}
}

@inproceedings{huang2011faster,
  title={Faster Secure Two-Party Computation Using Garbled Circuits.},
  author={Huang, Yan and Evans, David and Katz, Jonathan and Malka, Lior},
  booktitle={USENIX Security Symposium},
  volume={201},
  number={1},
  year={2011}
}

@inproceedings{bellare2012foundations,
  title={Foundations of garbled circuits},
  author={Bellare, Mihir and Hoang, Viet Tung and Rogaway, Phillip},
  booktitle={Proceedings of the 2012 ACM conference on Computer and communications security},
  pages={784--796},
  year={2012},
  organization={ACM}
}

@inproceedings{goldreich1987play,
  title={How to play any mental game},
  author={Goldreich, Oded and Micali, Silvio and Wigderson, Avi},
  booktitle={Proceedings of the nineteenth annual ACM symposium on Theory of computing},
  pages={218--229},
  year={1987},
  organization={ACM}
}

@article{goldreich1998secure,
  title={Secure multi-party computation},
  author={Goldreich, Oded},
  journal={Manuscript. Preliminary version},
  year={1998},
  publisher={Citeseer}
}
